<record><leader>00000cas a22000007a 4500</leader><controlfield tag="001">12255488</controlfield><controlfield tag="008">850711d18921910ctudr ne      0    0eng d</controlfield><datafield ind1=" " ind2=" " tag="010"><subfield code="a">sn 85038319 </subfield></datafield><datafield ind1=" " ind2=" " tag="040"><subfield code="a">NPY</subfield><subfield code="b">eng</subfield><subfield code="c">NPY</subfield><subfield code="d">KNP</subfield><subfield code="d">MFN</subfield><subfield code="d">CNW</subfield><subfield code="d">OCLCQ</subfield><subfield code="d">OCLCF</subfield><subfield code="d">OCLCO</subfield></datafield><datafield ind1="1" ind2=" " tag="029"><subfield code="a">AU@</subfield><subfield code="b">000020383672</subfield></datafield><datafield ind1=" " ind2=" " tag="042"><subfield code="a">msc</subfield></datafield><datafield ind1=" " ind2=" " tag="043"><subfield code="a">n-us-ct</subfield></datafield><datafield ind1="0" ind2=" " tag="130"><subfield code="a">Evening leader (New Haven, Conn.)</subfield></datafield><datafield ind1="1" ind2="4" tag="245"><subfield code="a">The evening leader.</subfield></datafield><datafield ind1="3" ind2="0" tag="246"><subfield code="a">New Haven Sunday leader</subfield></datafield><datafield ind1="1" ind2="7" tag="246"><subfield code="a">New Haven leader</subfield><subfield code="f">&lt;Jan. 1907&gt;</subfield></datafield><datafield ind1=" " ind2=" " tag="260"><subfield code="a">New Haven, Conn. :</subfield><subfield code="b">Evening Leader Co.</subfield></datafield><datafield ind1=" " ind2=" " tag="300"><subfield code="a">v.</subfield></datafield><datafield ind1=" " ind2=" " tag="310"><subfield code="a">Daily, (except holidays),</subfield><subfield code="b">Oct. 20, 1902-1910</subfield></datafield><datafield ind1=" " ind2=" " tag="321"><subfield code="a">Daily (except Sun. and holidays),</subfield><subfield code="b">1892-Oct. 19,1902</subfield></datafield><datafield ind1="0" ind2=" " tag="362"><subfield code="a">Vol. 1, no. 1 (Apr. 9, 1892)-v. 19, no. 2 (Jan. 2, 1910).</subfield></datafield><datafield ind1=" " ind2=" " tag="500"><subfield code="a">On Sundays published as: New Haven Sunday leader, Oct. 26, 1902-Jan. 2, 1910.</subfield></datafield><datafield ind1=" " ind2=" " tag="530"><subfield code="a">Also issued on microfilm from Connecticut State Library, Hartford, CT.</subfield></datafield><datafield ind1=" " ind2="0" tag="651"><subfield code="a">New Haven (Conn.)</subfield><subfield code="v">Newspapers.</subfield></datafield><datafield ind1=" " ind2="7" tag="655"><subfield code="a">Newspapers.</subfield><subfield code="2">fast</subfield><subfield code="0">(OCoLC)fst01423814</subfield></datafield><datafield ind1=" " ind2="7" tag="651"><subfield code="a">Connecticut</subfield><subfield code="z">New Haven.</subfield><subfield code="2">fast</subfield><subfield code="0">(OCoLC)fst01206280</subfield></datafield><datafield ind1=" " ind2=" " tag="752"><subfield code="a">United States</subfield><subfield code="b">Connecticut</subfield><subfield code="c">New Haven</subfield><subfield code="d">New Haven.</subfield></datafield><datafield ind1="0" ind2="0" tag="785"><subfield code="t">New Haven times-leader (New Haven, Conn. : 1910)</subfield><subfield code="w">(DLC)sn 93053999</subfield><subfield code="w">(OCoLC)28269558</subfield></datafield></record>